% This file was created with JabRef 2.10.
% Encoding: ISO8859_1


@InProceedings{AD:15,
  Title                    = {{Testing Poisson Binomial Distributions}},
  Author                   = {Acharya, Jayadev and Daskalakis, Constantinos},
  Booktitle                = soda15,
  Year                     = {2015},
  Pages                    = {1829-1840},

  Chapter                  = {122}
}

@InCollection{ADK:15,
  Title                    = {{Optimal Testing for Properties of Distributions}},
  Author                   = {Acharya, Jayadev and Daskalakis, Constantinos and Kamath, Gautam C.},
  Booktitle                = {Advances in Neural Information Processing Systems 28},
  Publisher                = {Curran Associates, Inc.},
  Year                     = {2015},
  Editor                   = {C. Cortes and N.D. Lawrence and D.D. Lee and M. Sugiyama and R. Garnett and R. Garnett},
  Pages                    = {3577--3598},

  Url                      = {http://papers.nips.cc/paper/5839-optimal-testing-for-properties-of-distributions.pdf}
}

@Article{ADLS:15,
  Title                    = {Sample-Optimal Density Estimation in Nearly-Linear Time},
  Author                   = {Jayadev Acharya and
 Ilias Diakonikolas and
 Jerry Zheng Li and
 Ludwig Schmidt},
  Journal                  = {CoRR},
  Year                     = {2015},
  Volume                   = {abs/1506.00671},

  Bibsource                = {dblp computer science bibliography, http://dblp.org},
  Biburl                   = {http://dblp.uni-trier.de/rec/bib/journals/corr/AcharyaDLS15},
  Owner                    = {ceacy},
  Timestamp                = {2017.08.05}
}

@InProceedings{AJOS:14:ISIT,
  Title                    = {Sorting with adversarial comparators and application to density estimation},
  Author                   = {Acharya, Jayadev and Jafarpour, Ashkan and Orlitsky, Alon and Suresh, Ananda T.},
  Booktitle                = {Information Theory (ISIT), 2014 IEEE International Symposium on},
  Year                     = {2014},
  Month                    = {June},
  Pages                    = {1682-1686},

  Doi                      = {10.1109/ISIT.2014.6875120},
  Owner                    = {ceacy},
  Timestamp                = {2017.08.05}
}

@Article{ACCL:08,
  Title                    = {Property-Preserving Data Reconstruction},
  Author                   = {Ailon, Nir and Chazelle, Bernard and Comandur, Seshadhri and Liu, Ding},
  Journal                  = {Algorithmica},
  Year                     = {2008},
  Number                   = {2},
  Pages                    = {160-182},
  Volume                   = {51},

  Doi                      = {10.1007/s00453-007-9075-9},
  ISSN                     = {0178-4617},
  Owner                    = {ceacy},
  Publisher                = {Springer-Verlag},
  Timestamp                = {2017.08.05},
  Url                      = {http://dx.doi.org/10.1007/s00453-007-9075-9}
}

@InProceedings{ACCL:04,
  Title                    = {Estimating the Distance to a Monotone Function},
  Author                   = {Ailon, Nir and
 Chazelle, Bernard and
 Comandur, Seshadhri and
 Liu, Ding},
  Year                     = {2004},
  Pages                    = {229--236},
  Publisher                = {Springer},
  Series                   = {Lecture Notes in Computer Science},
  Volume                   = {3122},

  Owner                    = {ceacy},
  Timestamp                = {2017.08.05}
}

@InProceedings{Alon:2007,
  Title                    = {Testing $k$-wise and Almost $k$-wise Independence},
  Author                   = {Alon, Noga and Andoni, Alexandr and Kaufman, Tali and Matulef, Kevin and Rubinfeld, Ronitt and Xie, Ning},
  Booktitle                = stoc07,
  Year                     = {2007},

  Address                  = {New York, NY, USA},
  Pages                    = {496--505},

  Doi                      = {10.1145/1250790.1250863},
  Numpages                 = {10},
  Url                      = {http://doi.acm.org/10.1145/1250790.1250863}
}

@TechReport{An:96,
  Title                    = {Log-concave probability distributions: theory and statistical testing},
  Author                   = {An, Mark Y.},
  Institution              = {Centre for Labour Market and Social Research, Denmark},
  Year                     = {1996},

  Url                      = {http://EconPapers.repec.org/RePEc:fth:clmsre:96-01}
}

@Article{AK:03,
  Title                    = {Fitting algebraic curves to noisy data },
  Author                   = {Arora, Sanjeev and Khot, Subhash},
  Journal                  = {Journal of Computer and System Sciences },
  Year                     = {2003},
  Note                     = {Special Issue on {STOC} 2002},
  Number                   = {2},
  Pages                    = {325 - 340},
  Volume                   = {67}
}

@Article{BB:05,
  Title                    = {Log-concave probability and its applications},
  Author                   = {Bagnoli, Mark and Bergstrom, Ted},
  Journal                  = {Economic Theory},
  Year                     = {2005},
  Number                   = {2},
  Pages                    = {445-469},
  Volume                   = {26},

  Doi                      = {10.1007/s00199-004-0514-4},
  ISSN                     = {0938-2259},
  Keywords                 = {Log-concavity. Reliability; Hazard functions; Probability distributions; Failure rates; Costly appraisals; Mean residual lifetime.},
  Language                 = {English},
  Publisher                = {Springer-Verlag},
  Url                      = {http://dx.doi.org/10.1007/s00199-004-0514-4}
}

@Book{BBBB:72,
  Title                    = {Statistical Inference Under Order Restrictions: The Theory and Application of Isotonic Regression},
  Author                   = {Barlow, Richard E. and Bartholomew D.J and Bremner, J.M and Brunk, H.D},
  Publisher                = {J. Wiley},
  Year                     = {1972},

  Address                  = {London, New York},
  Series                   = {Wiley Series in Probability and Mathematical Statistics},

  ISBN                     = {0-471-04970-0}
}

@Article{article:outliers,
  Title                    = {The study of outliers: purpose and model},
  Author                   = {Barnett, Vic},
  Journal                  = {Applied Statistics},
  Year                     = {1978},
  Pages                    = {242--250},

  Owner                    = {ceacy},
  Publisher                = {JSTOR},
  Timestamp                = {2017.08.05}
}

@Article{BDKR:05,
  Title                    = {The complexity of approximating the entropy},
  Author                   = {Batu, Tu\u{g}kan and Dasgupta, Sanjoy and Kumar, Ravi and Rubinfeld, Ronitt},
  Journal                  = sicomp,
  Year                     = {2005},
  Number                   = {1},
  Pages                    = {132--150},
  Volume                   = {35},

  Owner                    = {ceacy},
  Publisher                = {Society for Industrial and Applied Mathematics (SIAM)},
  Timestamp                = {2017.08.05}
}

@InProceedings{BFFKRW:01,
  Title                    = {Testing random variables for independence and identity},
  Author                   = {Batu, Tu\u{g}kan and Fischer, Eldar and Fortnow, Lance and Kumar, Ravi and Rubinfeld, Ronitt and White, Patrick},
  Booktitle                = focs01,
  Year                     = {2001},
  Pages                    = {442--451}
}

@Article{BFRSW:10,
  Title                    = {Testing Closeness of Discrete Distributions},
  Author                   = {Batu, Tu\u{g}kan and Fortnow, Lance and Rubinfeld, Ronitt
 and Smith, Warren D. and White, Patrick},
  Journal                  = arxiv,
  Year                     = {2010},
  Note                     = {This is a long version of~\cite{BFRSW:00}.},
  Volume                   = {abs/1009.5397},

  Owner                    = {ceacy},
  Timestamp                = {2017.08.05}
}

@InProceedings{BFRSW:00,
  Title                    = {Testing that distributions are close},
  Author                   = {Batu, Tu\u{g}kan and Fortnow, Lance and Rubinfeld, Ronitt
 and Smith, Warren D. and White, Patrick},
  Booktitle                = focs00,
  Year                     = {2000},
  Pages                    = {189--197},

  Owner                    = {ceacy},
  Timestamp                = {2017.08.05}
}

@InProceedings{BKR:04,
  Title                    = {Sublinear algorithms for testing monotone and unimodal distributions},
  Author                   = {Batu, Tu\u{g}kan and Kumar, Ravi and Rubinfeld, Ronitt},
  Booktitle                = stoc04,
  Year                     = {2004},

  Address                  = {New York, NY, USA},
  Pages                    = {381--390},
  Publisher                = {ACM},

  Acmid                    = {1007414},
  Doi                      = {10.1145/1007352.1007414},
  ISBN                     = {1-58113-852-0},
  Location                 = {Chicago, IL, USA},
  Numpages                 = {10},
  Owner                    = {ceacy},
  Timestamp                = {2017.08.05},
  Url                      = {http://doi.acm.org/10.1145/1007352.1007414}
}

@Article{BCLR:08,
  Title                    = {Non-abelian homomorphism testing, and distributions close
 to their self-convolutions},
  Author                   = {Michael Ben-Or and
 Don Coppersmith and
 Michael Luby and
 Ronitt Rubinfeld},
  Journal                  = {Random Struct. Algorithms},
  Year                     = {2008},
  Number                   = {1},
  Pages                    = {49-70},
  Volume                   = {32},

  Bibsource                = {DBLP, http://dblp.uni-trier.de},
  Ee                       = {http://dx.doi.org/10.1002/rsa.20182},
  Owner                    = {ceacy},
  Timestamp                = {2017.08.05}
}

@Article{BGJRW:12,
  Title                    = {Lower Bounds for Local Monotonicity Reconstruction from Transitive-Closure Spanners},
  Author                   = {Bhattacharyya, Arnab and Grigorescu, Elena and Jha, Madhav and Jung, Kyomin and Raskhodnikova, Sofya and Woodruff, David P.},
  Journal                  = {SIAM Journal on Discrete Mathematics},
  Year                     = {2012},
  Number                   = {2},
  Pages                    = {618-646},
  Volume                   = {26},

  Doi                      = {10.1137/100808186},
  Eprint                   = {http://dx.doi.org/10.1137/100808186},
  Owner                    = {ceacy},
  Timestamp                = {2017.08.05},
  Url                      = {http://dx.doi.org/10.1137/100808186}
}

@Article{Birge:87,
  Title                    = {On the Risk of Histograms for Estimating Decreasing Densities},
  Author                   = {Birg\'e, Lucien},
  Journal                  = {The Annals of Statistics},
  Year                     = {1987},
  Number                   = {3},
  Pages                    = {pp. 1013-1022},
  Volume                   = {15},

  Copyright                = {Copyright © 1987 Institute of Mathematical Statistics},
  ISSN                     = {00905364},
  Owner                    = {ceacy},
  Publisher                = {Institute of Mathematical Statistics},
  Timestamp                = {2017.08.05},
  Url                      = {http://www.jstor.org/stable/2241812}
}

@InProceedings{BLR:90,
  Title                    = {Self-testing/Correcting with Applications to Numerical Problems},
  Author                   = {Blum, Manuel and Luby, Michael and Rubinfeld, Ronitt},
  Booktitle                = {Proceedings of the Twenty-second Annual ACM Symposium on Theory of Computing},
  Year                     = {1990},

  Address                  = {New York, NY, USA},
  Pages                    = {73--83},
  Publisher                = {ACM},
  Series                   = {STOC '90},

  Acmid                    = {100225},
  Doi                      = {10.1145/100216.100225},
  ISBN                     = {0-89791-361-2},
  Location                 = {Baltimore, Maryland, USA},
  Numpages                 = {11},
  Owner                    = {ceacy},
  Timestamp                = {2017.08.05},
  Url                      = {http://doi.acm.org/10.1145/100216.100225}
}

@Unpublished{Brakerski:08,
  Title                    = {Local Property Restoring},
  Author                   = {Zvika Brakerski},
  Note                     = {Manuscript},
  Year                     = {2008},

  Owner                    = {ceacy},
  Timestamp                = {2017.08.05}
}

@Article{CGR:12,
  Title                    = {Local reconstructors and tolerant testers for connectivity
 and diameter},
  Author                   = {Andrea Campagna and
 Alan Guo and
 Ronitt Rubinfeld},
  Journal                  = {CoRR},
  Year                     = {2012},
  Volume                   = {abs/1208.2956},

  Bibsource                = {DBLP, http://dblp.uni-trier.de},
  Ee                       = {http://arxiv.org/abs/1208.2956},
  Owner                    = {ceacy},
  Timestamp                = {2017.08.05}
}

@InProceedings{Canonne:16,
  Title                    = {{Are Few Bins Enough: Testing Histogram Distributions}},
  Author                   = {Cl\'ement L. Canonne},
  Booktitle                = pods,
  Year                     = {2016},
  Publisher                = {Association for Computing Machinery ({ACM})},

  Doi                      = {10.1145/2902251.2902274},
  Url                      = {http://dx.doi.org/10.1145/2902251.2902274}
}

@Article{clement:survey:distributions,
  Title                    = {A {S}urvey on {D}istribution {T}esting: your Data is {B}ig. {B}ut is it {B}lue?},
  Author                   = {Canonne, Cl{\'e}ment L.},
  Journal                  = eccc,
  Year                     = {2015},

  Month                    = apr,
  Pages                    = {63},
  Volume                   = {22},

  Ee                       = {http://eccc.hpi-web.de/report/2015/063},
  Owner                    = {ceacy},
  Timestamp                = {2017.08.05}
}

@InProceedings{CDGR:16,
  Title                    = {{Testing Shape Restrictions of Discrete Distributions}},
  Author                   = {Canonne, Cl\'ement L. and Diakonikolas, Ilias and Gouleakis, Themis and Rubinfeld, Ronitt},
  Booktitle                = {{Proceedings of STACS}},
  Year                     = {2016},

  Doi                      = {10.4230/LIPIcs.STACS.2016.25},
  Url                      = {https://doi.org/10.4230/LIPIcs.STACS.2016.25}
}

@Article{CRS:15,
  Title                    = {Testing probability distributions using conditional samples},
  Author                   = {Canonne, Cl{\'e}ment L. and
 Ron, Dana and
 Servedio, Rocco A.},
  Journal                  = {{SIAM} {J}ournal on {C}omputing ({SICOMP})},
  Year                     = {2015},
  Number                   = {3},
  Pages                    = {540-616},
  Volume                   = {44},

  Doi                      = {10.1137/130945508}
}

@InProceedings{CRS:14,
  Title                    = {Testing equivalence between distributions using conditional samples},
  Author                   = {Canonne, Cl\'ement L. and Ron, Dana and Servedio, Rocco A.},
  Booktitle                = soda14,
  Year                     = {2014},
  Pages                    = {1174--1192},
  Publisher                = {Society for Industrial and Applied Mathematics (SIAM)},

  Acmid                    = {2634161},
  ISBN                     = {978-1-611973-38-9},
  Location                 = {Portland, Oregon},
  Numpages                 = {19},
  Owner                    = {ceacy},
  Timestamp                = {2017.08.05},
  Url                      = {http://dl.acm.org/citation.cfm?id=2634074.2634161}
}

@InProceedings{CR:14,
  Title                    = {Testing Probability Distributions Underlying Aggregated Data.},
  Author                   = {Canonne, Cl\'ement L. and Rubinfeld, Ronitt},
  Booktitle                = icalp14,
  Year                     = {2014},
  Pages                    = {283-295},

  Ee                       = {http://dx.doi.org/10.1007/978-3-662-43948-7_24},
  Owner                    = {ceacy},
  Timestamp                = {2017.08.05}
}

@InProceedings{CFGM:13,
  Title                    = {On the Power of Conditional Samples in Distribution Testing},
  Author                   = {Chakraborty, Sourav and Fischer, Eldar and Goldhirsh, Yonatan and Matsliah, Arie},
  Booktitle                = itcs,
  Year                     = {2013},

  Address                  = {New York, NY, USA},
  Pages                    = {561--580},
  Publisher                = {ACM},

  Acmid                    = {2422497},
  Doi                      = {10.1145/2422436.2422497},
  ISBN                     = {978-1-4503-1859-4},
  Location                 = {Berkeley, California, USA},
  Numpages                 = {20}
}

@InProceedings{CGM:11,
  Title                    = {Efficient Sample Extractors for Juntas with Applications},
  Author                   = {Chakraborty, Sourav and
 Garc{\'{\i}}a{-}Soriano, David and
 Matsliah, Arie},
  Booktitle                = {Automata, Languages and Programming - 38th International Colloquium,
 {ICALP} 2011, Zurich, Switzerland, July 4-8, 2011, Proceedings, Part
 {I}},
  Year                     = {2011},
  Editor                   = {Luca Aceto and
 Monika Henzinger and
 Jiri Sgall},
  Pages                    = {545--556},
  Publisher                = {Springer},
  Series                   = {Lecture Notes in Computer Science},
  Volume                   = {6755},

  Owner                    = {ceacy},
  Timestamp                = {2017.08.05}
}

@InProceedings{CDSS:14,
  Title                    = {Efficient density estimation via piecewise polynomial approximation},
  Author                   = {Chan, Siu{-}on and
 Diakonikolas, Ilias and
 Servedio, Rocco A. and
 Sun, Xiaorui},
  Booktitle                = stoc14,
  Year                     = {2014},
  Pages                    = {604--613},
  Publisher                = {{ACM}}
}

@InProceedings{CDSS:13,
  Title                    = {Learning mixtures of structured distributions over discrete domains},
  Author                   = {Chan, Siu{-}on and
 Diakonikolas, Ilias and
 Servedio, Rocco A. and
 Sun, Xiaorui},
  Booktitle                = soda13,
  Year                     = {2013},
  Pages                    = {1380--1394}
}

@InProceedings{CDSS:14:NIPS,
  Title                    = {Near-Optimal Density Estimation in Near-Linear Time Using Variable-Width
 Histograms},
  Author                   = {Chan, Siu{-}on and
 Diakonikolas, Ilias and
 Servedio, Rocco A. and
 Sun. Xiaorui},
  Booktitle                = {Advances in Neural Information Processing Systems 27: Annual Conference
 on Neural Information Processing Systems 2014, December 8-13 2014,
 Montreal, Quebec, Canada},
  Year                     = {2014},
  Pages                    = {1844--1852},

  Owner                    = {ceacy},
  Timestamp                = {2017.08.05}
}

@InProceedings{CDVV:14,
  Title                    = {Optimal Algorithms for Testing Closeness of Discrete Distributions},
  Author                   = {Chan, Siu{-}on and Diakonikolas, Ilias and Valiant, Gregory and Valiant, Paul},
  Booktitle                = soda14,
  Year                     = {2014},
  Pages                    = {1193-1203}
}

@Unpublished{CDSS:14:manuscript,
  Title                    = {Near-Optimal Density Estimation in Near-Linear Time Using Variable-Width Histograms},
  Author                   = {Chan, Siu-On and Diakonikolas, Ilias and Servedio, Rocco A. and Sun, Xiaorui},
  Note                     = {Manuscript},
  Year                     = {2014},

  Owner                    = {ceacy},
  Timestamp                = {2017.08.05}
}

@Article{CL:97,
  Title                    = {{Statistical applications of the Poisson-Binomial and conditional Bernoulli distributions}},
  Author                   = {Chen, Sean X. and Liu, Jun S.},
  Journal                  = {Statistica Sinica},
  Year                     = {1997},
  Number                   = {4},
  Volume                   = {7},

  Url                      = {http://www3.stat.sinica.edu.tw/statistica/j7n4/j7n44/j7n44.htm}
}

@Article{CG:88,
  Title                    = {Unbiased Bits from Sources of Weak Randomness and Probabilistic Communication Complexity},
  Author                   = {Chor, Benny and Goldreich, Oded},
  Journal                  = {SIAM J. Comput.},
  Year                     = {1988},

  Month                    = apr,
  Number                   = {2},
  Pages                    = {230--261},
  Volume                   = {17},

  Acmid                    = {45478},
  Address                  = {Philadelphia, PA, USA},
  Doi                      = {10.1137/0217015},
  ISSN                     = {0097-5397},
  Issue_date               = {April 1988},
  Numpages                 = {32},
  Owner                    = {ceacy},
  Publisher                = {Society for Industrial and Applied Mathematics},
  Timestamp                = {2017.08.05},
  Url                      = {http://dx.doi.org/10.1137/0217015}
}

@InProceedings{DDOST:13,
  Title                    = {{Learning Sums of Independent Integer Random Variables}},
  Author                   = {Daskalakis, Constantinos and
 Diakonikolas, Ilias and
 O'Donnell, Ryan and
 Servedio, Rocco A. and
 Tan, Li{-}Yang},
  Booktitle                = focs13,
  Year                     = {2013},
  Pages                    = {217--226},
  Publisher                = {{IEEE} Computer Society}
}

@Article{DDS:12,
  Title                    = {Learning $k$-Modal Distributions via Testing},
  Author                   = {Constantinos Daskalakis and
 Ilias Diakonikolas and
 Rocco A. Servedio},
  Journal                  = {Theory of Computing},
  Year                     = {2014},
  Number                   = {20},
  Pages                    = {535--570},
  Volume                   = {10},

  Doi                      = {10.4086/toc.2014.v010a020},
  Owner                    = {ceacy},
  Publisher                = {Theory of Computing},
  Timestamp                = {2017.08.05}
}

@InProceedings{DDS:PBD:12,
  Title                    = {{Learning Poisson Binomial Distributions}},
  Author                   = {Daskalakis, Constantinos and Diakonikolas, Ilias and Servedio, Rocco A.},
  Booktitle                = stoc12,
  Year                     = {2012},
  Address                  = {New York, NY, USA},
  Pages                    = {709--728},
  Publisher                = {ACM},
  Series                   = {STOC '12},
  ISBN                     = {978-1-4503-1245-5},
  Location                 = {New York, New York, USA},
  Numpages                 = {20}
}

@InProceedings{DDSVV:13,
  Title                    = {Testing $k$-modal Distributions: Optimal Algorithms via Reductions},
  Author                   = {Daskalakis, Constantinos and Diakonikolas, Ilias and Servedio, Rocco A. and Valiant, Gregory and Valiant, Paul},
  Booktitle                = soda13,
  Year                     = {2013},
  Pages                    = {1833--1852},
  Publisher                = {Society for Industrial and Applied Mathematics (SIAM)},

  Acmid                    = {2627948},
  ISBN                     = {978-1-611972-51-1},
  Location                 = {New Orleans, Louisiana},
  Numpages                 = {20},
  Owner                    = {ceacy},
  Timestamp                = {2017.08.05},
  Url                      = {http://dl.acm.org/citation.cfm?id=2627817.2627948}
}

@InProceedings{DK:13,
  Title                    = {Faster and Sample Near-Optimal Algorithms for Proper Learning Mixtures of {G}aussians},
  Author                   = {Constantinos Daskalakis and
 Gautam Kamath},
  Booktitle                = {Proceedings of The 27th Conference on Learning Theory,
 Barcelona, Spain, June 13-15, 2014},
  Year                     = {2014},
  Pages                    = {1183--1213},
  Series                   = {COLT '14},

  Owner                    = {ceacy},
  Timestamp                = {2017.08.05}
}

@Article{DP:13,
  Title                    = {Sparse Covers for Sums of Indicators},
  Author                   = {Constantinos Daskalakis and
 Christos H. Papadimitriou},
  Journal                  = {CoRR},
  Year                     = {2013},
  Volume                   = {abs/1306.1265},

  Bibsource                = {dblp computer science bibliography, http://dblp.org},
  Biburl                   = {http://dblp.dagstuhl.de/rec/bib/journals/corr/DaskalakisP13},
  Timestamp                = {Mon, 01 Jul 2013 20:31:28 +0200},
  Url                      = {http://arxiv.org/abs/1306.1265}
}

@Article{DLR77,
  Title                    = {Maximum likelihood from incomplete data via the EM algorithm},
  Author                   = {A. P. Dempster and N. M. Laird and D. B. Rubin},
  Journal                  = {JOURNAL OF THE ROYAL STATISTICAL SOCIETY, SERIES B},
  Year                     = {1977},
  Number                   = {1},
  Pages                    = {1--38},
  Volume                   = {39},

  Owner                    = {ceacy},
  Timestamp                = {2017.08.05}
}

@Book{DL:01,
  Title                    = {Combinatorial Methods in Density Estimation},
  Author                   = {Devroye, Luc and Lugosi, G\'abor},
  Publisher                = {Springer New York},
  Year                     = {2001},
  Series                   = {Springer Series in Statistics},

  ISBN                     = {9780387951171},
  Lccn                     = {00058306},
  Owner                    = {ceacy},
  Timestamp                = {2017.08.05},
  Url                      = {http://books.google.com/books?id=jvT-sUt1HZYC}
}

@InBook{Diaconis:88,
  Title                    = {Chapter 2: Basics of Representations and Characters},
  Author                   = {Diaconis, Persi},
  Pages                    = {5--16},
  Publisher                = {Institute of Mathematical Statistics},
  Year                     = {1988},

  Address                  = {Hayward, CA},
  Series                   = {Lecture Notes--Monograph Series},
  Volume                   = {Volume 11},

  Booktitle                = {Group representations in probability and statistics},
  Doi                      = {10.1214/lnms/1215467411},
  Owner                    = {ceacy},
  Timestamp                = {2017.08.05},
  Url                      = {http://dx.doi.org/10.1214/lnms/1215467411}
}

@InCollection{Diakonikolas:CRC,
  Title                    = {Learning Structured Distributions},
  Author                   = {Diakonikolas, Ilias},
  Booktitle                = {Handbook of Big Data},
  Publisher                = {CRC Press},
  Year                     = {2016}
}

@InProceedings{DK:16,
  Title                    = {A New Approach for Testing Properties of Discrete Distributions},
  Author                   = {{Diakonikolas}, Ilias and {Kane}, Daniel~M.},
  Booktitle                = focs16,
  Year                     = {2016},
  Publisher                = {{IEEE} Computer Society}
}

@InProceedings{DKN:15,
  Title                    = {{T}esting {I}dentity of {S}tructured {D}istributions},
  Author                   = {Diakonikolas, Ilias and Kane, Daniel M. and Nikishkin, Vladimir},
  Booktitle                = soda15,
  Year                     = {2015}
}

@InProceedings{DKN:15:FOCS,
  Title                    = {Optimal Algorithms and Lower Bounds for Testing Closeness of Structured Distributions},
  Author                   = {Diakonikolas, Ilias and Kane, Daniel M. and Nikishkin, Vladimir},
  Booktitle                = focs15,
  Year                     = {2015}
}

@InProceedings{DKS:15,
  Title                    = {{Optimal Learning via the Fourier Transform for Sums of Independent
 Integer Random Variables}},
  Author                   = {Ilias Diakonikolas and
 Daniel M. Kane and
 Alistair Stewart},
  Booktitle                = {{COLT}},
  Year                     = {2016},
  Note                     = {Full version in~\cite{DKS:15:arXiv}.},
  Pages                    = {831--849},
  Publisher                = {JMLR.org},
  Series                   = {{JMLR} Workshop and Conference Proceedings},
  Volume                   = {49}
}

@Article{DKS:16,
  Title                    = {Efficient Robust Proper Learning of Log-concave Distributions},
  Author                   = {Ilias Diakonikolas and
 Daniel M. Kane and
 Alistair Stewart},
  Journal                  = {CoRR},
  Year                     = {2016},
  Volume                   = {abs/1606.03077},

  Bibsource                = {dblp computer science bibliography, http://dblp.org},
  Biburl                   = {http://dblp.uni-trier.de/rec/bib/journals/corr/DiakonikolasKS16a},
  Timestamp                = {Fri, 01 Jul 2016 17:39:49 +0200},
  Url                      = {http://arxiv.org/abs/1606.03077}
}

@Article{DKS:15:arXiv,
  Title                    = {Nearly Optimal Learning and Sparse Covers for Sums of Independent
 Integer Random Variables},
  Author                   = {Ilias Diakonikolas and
 Daniel M. Kane and
 Alistair Stewart},
  Journal                  = {CoRR},
  Year                     = {2015},
  Volume                   = {abs/1505.00662}
}

@Article{DKW:56,
  Title                    = {Asymptotic Minimax Character of the Sample Distribution Function and of the Classical Multinomial Estimator},
  Author                   = {Dvoretzky, Aryeh and Kiefer, Jack and Wolfowitz, Jacob},
  Journal                  = annmathstat,
  Year                     = {1956},
  Number                   = {3},
  Pages                    = {642--669},
  Volume                   = {27},

  Publisher                = {The Institute of Mathematical Statistics}
}

@Article{Euler:Tnk,
  Title                    = {{On the expansion of the power of any polynomial $1+x+x^2+x^3+x^4+$etc}},
  Author                   = {{Euler}, Leonhard},
  Journal                  = {ArXiv Mathematics e-prints},
  Year                     = {2005},

  Month                    = may,

  Eprint                   = {math/0505425},
  Keywords                 = {Mathematics - History and Overview, Mathematics - Combinatorics, 01A50, 05A10}
}

@Article{FischerLV:16,
  Title                    = {Improving and extending the testing of distributions for shape-restricted
 properties},
  Author                   = {Eldar Fischer and
 Oded Lachish and
 Yadu Vasudev},
  Journal                  = arxiv,
  Year                     = {2016},
  Volume                   = {abs/1609.06736}
}

@TechReport{GRexp:00,
  Title                    = {On Testing Expansion in Bounded-Degree Graphs},
  Author                   = {Goldreich, Oded and Ron, Dana},
  Institution              = eccc,
  Year                     = {2000},
  Number                   = {TR00-020},

  Owner                    = {ceacy},
  Timestamp                = {2017.08.05}
}

@Article{Grenander:56,
  Title                    = {On the theory of mortality measurement},
  Author                   = {Grenander, Ulf},
  Journal                  = {Scandinavian Actuarial Journal},
  Year                     = {1956},
  Number                   = {1},
  Pages                    = {70--96},
  Volume                   = {1956},

  Owner                    = {ceacy},
  Timestamp                = {2017.08.05}
}

@InProceedings{GMV:06,
  Title                    = {Streaming and Sublinear Approximation of Entropy and Information Distances},
  Author                   = {Guha, Sudipto and McGregor, Andrew and Venkatasubramanian, Suresh},
  Booktitle                = soda06,
  Year                     = {2006},

  Address                  = {Philadelphia, PA, USA},
  Pages                    = {733--742},
  Publisher                = {Society for Industrial and Applied Mathematics (SIAM)},

  Acmid                    = {1109637},
  ISBN                     = {0-89871-605-5},
  Location                 = {Miami, Florida},
  Numpages                 = {10},
  Url                      = {http://dl.acm.org/citation.cfm?id=1109557.1109637}
}

@Book{book:outliers,
  Title                    = {Identification of outliers},
  Author                   = {Hawkins, Douglas M},
  Publisher                = {Springer},
  Year                     = {1980},
  Volume                   = {11},

  Owner                    = {ceacy},
  Timestamp                = {2017.08.05}
}

@Article{HBTB:14,
  Title                    = {Correction of location errors for presence-only species distribution models},
  Author                   = {Hefley, Trevor J. and Baasch, David M. and Tyre, Andrew J. and Blankenship, Erin E.},
  Journal                  = {Methods in Ecology and Evolution},
  Year                     = {2014},
  Number                   = {3},
  Pages                    = {207--214},
  Volume                   = {5},

  Doi                      = {10.1111/2041-210X.12144},
  ISSN                     = {2041-210X},
  Keywords                 = {Grus americana, inhomogeneous Poisson point process, location errors, measurement error, Nebraska, opportunistic sightings, Public Land Survey System, regression calibration, whooping crane},
  Owner                    = {ceacy},
  Timestamp                = {2017.08.05},
  Url                      = {http://dx.doi.org/10.1111/2041-210X.12144}
}

@Article{Hong:13,
  Title                    = {{On Computing the Distribution Function for the Poisson Binomial Distribution}},
  Author                   = {Hong, Yili},
  Journal                  = {Comput. Stat. Data Anal.},
  Year                     = {2013},

  Month                    = mar,
  Pages                    = {41--51},
  Volume                   = {59},

  Acmid                    = {2401582},
  Address                  = {Amsterdam, The Netherlands, The Netherlands},
  Doi                      = {10.1016/j.csda.2012.10.006},
  ISSN                     = {0167-9473},
  Issue_date               = {March, 2013},
  Numpages                 = {11},
  Publisher                = {Elsevier Science Publishers B. V.},
  Url                      = {http://dx.doi.org/10.1016/j.csda.2012.10.006}
}

@Article{Hougaard:86:StableDistribs,
  Title                    = {Survival models for heterogeneous populations derived
 from stable distributions},
  Author                   = {Hougaard, Philip},
  Journal                  = {Biometrika},
  Year                     = {1986},
  Pages                    = {397--96},
  Volume                   = {73}
}

@Book{book:outliers:detect,
  Title                    = {How to detect and handle outliers},
  Author                   = {Iglewicz, Boris and Hoaglin, David Caster},
  Publisher                = {Asq Press},
  Year                     = {1993},
  Volume                   = {16},

  Owner                    = {ceacy},
  Timestamp                = {2017.08.05}
}

@InProceedings{IZ:89,
  Title                    = {How to Recycle Random Bits},
  Author                   = {Impagliazzo, R. and Zuckerman, D.},
  Booktitle                = {Proceedings of the 30th Annual Symposium on Foundations of Computer Science},
  Year                     = {1989},

  Address                  = {Washington, DC, USA},
  Pages                    = {248--253},
  Publisher                = {IEEE Computer Society},
  Series                   = {SFCS '89},

  Acmid                    = {1398699},
  Doi                      = {10.1109/SFCS.1989.63486},
  ISBN                     = {0-8186-1982-1},
  Keywords                 = {random bits, linear congruential generator, shift register generator, probabilistic algorithm, BPP algorithm, pseudorandom generator, linear congruential generators, information-theoretic lower bound},
  Numpages                 = {6},
  Owner                    = {ceacy},
  Timestamp                = {2017.08.05},
  Url                      = {http://dx.doi.org/10.1109/SFCS.1989.63486}
}

@InProceedings{ILR:12,
  Title                    = {Approximating and Testing K-histogram Distributions in Sub-linear Time},
  Author                   = {Indyk, Piotr and Levi, Reut and Rubinfeld, Ronitt},
  Booktitle                = {Proceedings of the 31st Symposium on Principles of Database Systems},
  Year                     = {2012},

  Address                  = {New York, NY, USA},
  Pages                    = {15--22},
  Publisher                = {ACM},
  Series                   = pods,

  Acmid                    = {2213561},
  Doi                      = {10.1145/2213556.2213561},
  ISBN                     = {978-1-4503-1248-6},
  Location                 = {Scottsdale, Arizona, USA},
  Numpages                 = {8},
  Owner                    = {ceacy},
  Timestamp                = {2017.08.05},
  Url                      = {http://doi.acm.org/10.1145/2213556.2213561}
}

@InProceedings{JR:11,
  Title                    = {Testing and Reconstruction of {L}ipschitz Functions with Applications to Data Privacy},
  Author                   = {Jha, Madhav and Raskhodnikova, Sofya},
  Booktitle                = focs11,
  Year                     = {2011},
  Month                    = {Oct},
  Pages                    = {433-442},

  Doi                      = {10.1109/FOCS.2011.13},
  ISSN                     = {0272-5428},
  Owner                    = {ceacy},
  Timestamp                = {2017.08.05}
}

@Misc{CK:15,
  Author                   = {Kamath, Gautam},
  HowPublished             = {Private communication},
  Year                     = {2015},

  Owner                    = {ceacy},
  Timestamp                = {2017.08.05}
}

@InProceedings{Kearns:94,
  Title                    = {On the Learnability of Discrete Distributions},
  Author                   = {Kearns, Michael and Mansour, Yishay and Ron, Dana and Rubinfeld, Ronitt and Schapire, Robert E. and Sellie, Linda},
  Booktitle                = {Proceedings of the Twenty-sixth Annual ACM Symposium on Theory of Computing},
  Year                     = {1994},

  Address                  = {New York, NY, USA},
  Pages                    = {273--282},
  Publisher                = {ACM},
  Series                   = {STOC '94},

  Acmid                    = {195155},
  Doi                      = {10.1145/195058.195155},
  ISBN                     = {0-89791-663-8},
  Location                 = {Montreal, Quebec, Canada},
  Numpages                 = {10},
  Owner                    = {ceacy},
  Timestamp                = {2017.08.05},
  Url                      = {http://doi.acm.org/10.1145/195058.195155}
}

@Article{KG:71,
  Title                    = {Some Results for Discrete Unimodality},
  Author                   = {Keilson, J. and Gerber, H.},
  Journal                  = {Journal of the American Statistical Association},
  Year                     = {1971},
  Number                   = {334},
  Pages                    = {pp. 386-389},
  Volume                   = {66},

  ISSN                     = {01621459},
  Jstor_formatteddate      = {Jun., 1971},
  Publisher                = {Taylor \& Francis, Ltd. on behalf of the American Statistical Association},
  Url                      = {http://www.jstor.org/stable/2283941}
}

@InCollection{KR:94,
  Title                    = {A Randomness-Rounds Tradeoff in Private Computation},
  Author                   = {Kushilevitz, Eyal and Rosén, Adi},
  Booktitle                = {Advances in Cryptology — CRYPTO ’94},
  Publisher                = {Springer Berlin Heidelberg},
  Year                     = {1994},
  Editor                   = {Desmedt, YvoG.},
  Pages                    = {397-410},
  Series                   = {Lecture Notes in Computer Science},
  Volume                   = {839},

  Doi                      = {10.1007/3-540-48658-5_36},
  ISBN                     = {978-3-540-58333-2},
  Language                 = {English},
  Owner                    = {ceacy},
  Timestamp                = {2017.08.05},
  Url                      = {http://dx.doi.org/10.1007/3-540-48658-5_36}
}

@Book{book:imputation,
  Title                    = {Statistical Analysis with Missing Data},
  Author                   = {Little, Roderick J. A. and Rubin, Donald B.},
  Publisher                = {John Wiley \& Sons, Inc.},
  Year                     = {2002},
  Note                     = {Second edition},
  Series                   = {Wiley Series in Probability and Statistics},

  ISBN                     = {9780471183860},
  Lccn                     = {2002027006},
  Owner                    = {ceacy},
  Timestamp                = {2017.08.05}
}

@Misc{Lugosi:09,
  Title                    = {Concentration-of-Measure Inequalities},

  Author                   = {G\'abor Lugosi},
  Year                     = {2009},

  Url                      = {http://www.econ.upf.edu/~lugosi/anu.pdf}
}

@Misc{MathOverflow:13:counterexample,
  Title                    = {Anticoncentration of the convolution of two characteristic functions},

  Author                   = {Maciej, S},
  HowPublished             = {MathOverflow},
  Note                     = {\url{http://mathoverflow.net/q/148973} (version: 2013-11-16)},
  Year                     = {2013},

  Eprint                   = {http://mathoverflow.net/q/148973},
  Owner                    = {ceacy},
  Timestamp                = {2017.08.05},
  Url                      = {http://mathoverflow.net/q/148973}
}

@Misc{MathOverflow:13:main,
  Title                    = {Convergence rate of the convolution of almost uniform measures on $\mathbb{Z}_p$},

  Author                   = {Maciej, S},
  HowPublished             = {MathOverflow},
  Note                     = {\url{http://mathoverflow.net/q/148779} (version: 2013-11-13)},
  Year                     = {2013},

  Eprint                   = {http://mathoverflow.net/q/148779},
  Owner                    = {ceacy},
  Timestamp                = {2017.08.05},
  Url                      = {http://mathoverflow.net/q/148779}
}

@Article{Mandelbrot:63:FatTail,
  Title                    = {New Methods in Statistical Economics},
  Author                   = {Mandelbrot, Benoit},
  Journal                  = {Journal of Political Economy},
  Year                     = {1963},
  Number                   = {5},
  Pages                    = {pp. 421-440},
  Volume                   = {71},

  Copyright                = {Copyright © 1963 The University of Chicago Press},
  Jstor_formatteddate      = {Oct., 1963},
  Publisher                = {The University of Chicago Press}
}

@Article{Massart:90,
  Title                    = {The Tight Constant in the {D}voretzky--{K}iefer--{W}olfowitz Inequality},
  Author                   = {Massart, Pascal},
  Journal                  = annproba,
  Year                     = {1990},

  Month                    = {07},
  Number                   = {3},
  Pages                    = {1269--1283},
  Volume                   = {18},

  Doi                      = {10.1214/aop/1176990746},
  Owner                    = {ceacy},
  Publisher                = {The Institute of Mathematical Statistics},
  Timestamp                = {2017.08.05},
  Url                      = {http://dx.doi.org/10.1214/aop/1176990746}
}

@InProceedings{MP:03,
  Title                    = {Concentration inequalities and model selection},
  Author                   = {Massart, Pascal and Picard, Jean},
  Year                     = {2007},

  Address                  = {33, Saint-Flour, Cantal},
  Publisher                = {Springer},
  Series                   = {Lecture Notes in Mathematics},

  ISBN                     = {978-3-540-48497-4},
  Url                      = {http://opac.inria.fr/record=b1122538}
}

@Article{Paninski:08,
  Title                    = {A Coincidence-Based Test for Uniformity Given Very Sparsely
 Sampled Discrete Data},
  Author                   = {Paninski, Liam},
  Journal                  = ieeeit,
  Year                     = {2008},
  Number                   = {10},
  Pages                    = {4750-4755},
  Volume                   = {54},

  Ee                       = {http://dx.doi.org/10.1109/TIT.2008.928987}
}

@Article{Scholarpedia:2008,
  Title                    = {{S}ampling bias},
  Author                   = {Panzeri, S. and Magri, C. and Carraro, L. },
  Journal                  = {Scholarpedia},
  Year                     = {2008},
  Note                     = {{revision \#91742}},
  Number                   = {9},
  Pages                    = {4258},
  Volume                   = {3},

  Owner                    = {ceacy},
  Timestamp                = {2017.08.05}
}

@Article{RT:00,
  Title                    = {Bounds For Dispersers, Extractors, And Depth-Two Superconcentrators },
  Author                   = {Jaikumar Radhakrishnan and Amnon Ta-Shma},
  Journal                  = {SIAM Journal on Discrete Mathematics},
  Year                     = {2000},
  Pages                    = {2000},
  Volume                   = {13},

  Owner                    = {ceacy},
  Timestamp                = {2017.08.05}
}

@TechReport{Randall:CSD-91-658,
  Title                    = {Efficient Generation of Random Nonsingular Matrices},
  Author                   = {Randall, Dana},
  Institution              = {EECS Department, University of California, Berkeley},
  Year                     = {1991},
  Month                    = {Nov},
  Number                   = {UCB/CSD-91-658},

  Owner                    = {ceacy},
  Timestamp                = {2017.08.05},
  Url                      = {http://www.eecs.berkeley.edu/Pubs/TechRpts/1991/6147.html}
}

@Article{Ron:10,
  Title                    = {Algorithmic and Analysis Techniques in Property Testing},
  Author                   = {Ron, Dana},
  Journal                  = fttcs,
  Year                     = {2010},
  Pages                    = {73--205},
  Volume                   = {5},

  Issue                    = {2}
}

@Article{Ron:08,
  Title                    = {{Property Testing: A Learning Theory Perspective}},
  Author                   = {Ron, Dana},
  Journal                  = ftml,
  Year                     = {2008},
  Number                   = {3},
  Pages                    = {307-402},
  Volume                   = {1}
}

@Book{Rubin:87,
  Title                    = {Multiple imputation for nonresponse in surveys},
  Author                   = {Rubin, Donald B.},
  Publisher                = {John Wiley \& Sons},
  Year                     = {1987},

  Owner                    = {ceacy},
  Timestamp                = {2017.08.05}
}

@Article{Rubinfeld:12:Taming,
  Title                    = {{Taming Big Probability Distributions}},
  Author                   = {Rubinfeld, Ronitt},
  Journal                  = {XRDS},
  Year                     = {2012},

  Month                    = sep,
  Number                   = {1},
  Pages                    = {24--28},
  Volume                   = {19},

  Acmid                    = {2331052},
  Address                  = {New York, NY, USA},
  Doi                      = {10.1145/2331042.2331052},
  ISSN                     = {1528-4972},
  Issue_date               = {Fall 2012},
  Numpages                 = {5},
  Publisher                = {ACM},
  Url                      = {http://doi.acm.org/10.1145/2331042.2331052}
}

@Article{SMP:07,
  Title                    = {Handling Missing Values when Applying Classification Models},
  Author                   = {Saar-Tsechansky, Maytal and Provost, Foster},
  Journal                  = {J. Mach. Learn. Res.},
  Year                     = {2007},

  Month                    = dec,
  Pages                    = {1623--1657},
  Volume                   = {8},

  Acmid                    = {1314553},
  ISSN                     = {1532-4435},
  Issue_date               = {12/1/2007},
  Numpages                 = {35},
  Owner                    = {ceacy},
  Publisher                = {JMLR.org},
  Timestamp                = {2017.08.05},
  Url                      = {http://dl.acm.org/citation.cfm?id=1314498.1314553}
}

@InProceedings{SV:98,
  Title                    = {Manipulating Statistical Difference},
  Author                   = {Sahai, Amit and Vadhan, Salil},
  Booktitle                = {DIMACS Series in Discrete Mathematics and Theoretical Computer Science},
  Year                     = {1998},
  Pages                    = {251--270},
  Publisher                = {American Mathematical Society},

  Owner                    = {ceacy},
  Timestamp                = {2017.08.05}
}

@Article{SS:10,
  Title                    = {Local Monotonicity Reconstruction},
  Author                   = {Saks, Michael and Seshadhri, Comandur},
  Journal                  = {SIAM Journal on Computing},
  Year                     = {2010},
  Number                   = {7},
  Pages                    = {2897-2926},
  Volume                   = {39},

  Doi                      = {10.1137/080728561},
  Eprint                   = {http://dx.doi.org/10.1137/080728561},
  Owner                    = {ceacy},
  Timestamp                = {2017.08.05},
  Url                      = {http://dx.doi.org/10.1137/080728561}
}

@Article{SV:86,
  Title                    = {Generating Quasi-random Sequences from Semi-random Sources},
  Author                   = {Santha, Miklos and Vazirani, Umesh V},
  Journal                  = {J. Comput. Syst. Sci.},
  Year                     = {1986},

  Month                    = aug,
  Number                   = {1},
  Pages                    = {75--87},
  Volume                   = {33},

  Acmid                    = {9115},
  Address                  = {Orlando, FL, USA},
  Doi                      = {10.1016/0022-0000(86)90044-9},
  ISSN                     = {0022-0000},
  Issue_date               = {Aug. 1986},
  Numpages                 = {13},
  Owner                    = {ceacy},
  Publisher                = {Academic Press, Inc.},
  Timestamp                = {2017.08.05},
  Url                      = {http://dx.doi.org/10.1016/0022-0000(86)90044-9}
}

@Book{book:incomplete:data,
  Title                    = {Analysis of incomplete multivariate data},
  Author                   = {Schafer, Joseph L.},
  Publisher                = {CRC press},
  Year                     = {1997},

  Owner                    = {ceacy},
  Timestamp                = {2017.08.05}
}

@Article{Senese:03,
  Title                    = {A unified explanation of territorial conflict: Testing the impact of sampling bias, 1919--1992},
  Author                   = {Senese, Paul D and Vasquez, John A},
  Journal                  = {International Studies Quarterly},
  Year                     = {2003},
  Number                   = {2},
  Pages                    = {275--298},
  Volume                   = {47},

  Owner                    = {ceacy},
  Publisher                = {Wiley Online Library},
  Timestamp                = {2017.08.05}
}

@Article{SN:99,
  Title                    = {Log-concave and concave distributions in reliability},
  Author                   = {Sengupta, Debasis and Nanda, Asok K.},
  Journal                  = {Naval Research Logistics (NRL)},
  Year                     = {1999},
  Number                   = {4},
  Pages                    = {419--433},
  Volume                   = {46},

  Doi                      = {10.1002/(SICI)1520-6750(199906)46:4<419::AID-NAV5>3.0.CO;2-B},
  ISSN                     = {1520-6750},
  Publisher                = {John Wiley \& Sons, Inc.},
  Url                      = {http://dx.doi.org/10.1002/(SICI)1520-6750(199906)46:4<419::AID-NAV5>3.0.CO;2-B}
}

@Article{Signor:1982,
  Title                    = {Sampling bias, gradual extinction patterns and catastrophes in the fossil record},
  Author                   = {Signor, Philip W and Lipps, Jere H},
  Journal                  = {Geological Society of America Special Papers},
  Year                     = {1982},
  Pages                    = {291--296},
  Volume                   = {190},

  Owner                    = {ceacy},
  Publisher                = {Geological Society of America},
  Timestamp                = {2017.08.05}
}

@Book{SS:01,
  Title                    = {Constrained Statistical Inference},
  Author                   = {Silvapulle, Mervyn J. and Sen, Pranab K.},
  Publisher                = {John Wiley \& Sons, Inc.},
  Year                     = {2001},

  Doi                      = {10.1002/9781118165614.fmatter},
  ISBN                     = {9781118165614},
  Pages                    = {i--xvii},
  Url                      = {http://dx.doi.org/10.1002/9781118165614.fmatter}
}

@Article{PhysRevLett:95,
  Title                    = {Statistical-Mechanical Foundation of the Ubiquity of {L}\'evy Distributions in Nature},
  Author                   = {Tsallis, Constantino and Levy, Silvio V. F. and Souza, Andr\'e M. C. and Maynard, Roger},
  Journal                  = {Phys. Rev. Lett.},
  Year                     = {1995},

  Month                    = {Nov},
  Pages                    = {3589--3593},
  Volume                   = {75},

  Doi                      = {10.1103/PhysRevLett.75.3589},
  Issue                    = {20},
  Numpages                 = {0},
  Publisher                = {American Physical Society},
  Url                      = {http://link.aps.org/doi/10.1103/PhysRevLett.75.3589}
}

@Book{book:vadhan,
  Title                    = {Pseudorandomness},
  Author                   = {Salil P. Vadhan},
  Publisher                = {Now Publishers Inc.},
  Year                     = {2012},
  Volume                   = {7},

  Doi                      = {10.1561/0400000010},
  ISBN                     = {1601985940, 9781601985941},
  ISSN                     = {1551-305X},
  Journal                  = {Foundations and Trends in Theoretical Computer Science},
  Owner                    = {ceacy},
  Pages                    = {1-336},
  Timestamp                = {2017.08.05},
  Url                      = {http://dx.doi.org/10.1561/0400000010}
}

@InProceedings{VV:14,
  Title                    = {An Automatic Inequality Prover and Instance Optimal Identity Testing},
  Author                   = {Valiant, Gregory and Valiant, Paul},
  Booktitle                = focs14,
  Year                     = {2014}
}

@InProceedings{VV:11:focs,
  Title                    = {The Power of Linear Estimators},
  Author                   = {Gregory Valiant and
 Paul Valiant},
  Booktitle                = focs11,
  Year                     = {2011},
  Pages                    = {403--412}
}

@InProceedings{VV:11:stoc,
  Title                    = {Estimating the Unseen: An $n/\log n$-sample Estimator for Entropy and Support Size, Shown Optimal via New CLTs},
  Author                   = {Valiant, Gregory and Valiant, Paul},
  Booktitle                = stoc11,
  Year                     = {2011},
  Pages                    = {685--694},

  Numpages                 = {10}
}

@Article{ValiantValiant:10lb,
  Title                    = {A {CLT} and tight lower bounds for estimating entropy},
  Author                   = {Valiant, Gregory and Valiant, Paul},
  Journal                  = eccc,
  Year                     = {2010},
  Pages                    = {179},
  Volume                   = {17},

  Ee                       = {http://eccc.hpi-web.de/report/2010/179}
}

@Article{ValiantValiant:10ub,
  Title                    = {Estimating the unseen: A sublinear-sample canonical estimator of distributions},
  Author                   = {Valiant, Gregory and Valiant, Paul},
  Journal                  = eccc,
  Year                     = {2010},
  Pages                    = {180},
  Volume                   = {17},

  Ee                       = {http://eccc.hpi-web.de/report/2010/180},
  Owner                    = {ceacy},
  Timestamp                = {2017.08.05}
}

@Misc{Val:15:sketch,
  Author                   = {Valiant, Paul},
  HowPublished             = {Private communication},
  Month                    = may,
  Year                     = {2015},

  Owner                    = {ceacy},
  Timestamp                = {2017.08.05}
}

@Article{Valiant:11,
  Title                    = {Testing symmetric properties of distributions},
  Author                   = {Valiant, Paul},
  Journal                  = sicomp,
  Year                     = {2011},
  Number                   = {6},
  Pages                    = {1927--1968},
  Volume                   = {40},

  Publisher                = {Society for Industrial and Applied Mathematics (SIAM)}
}

@Article{Wal:09,
  Title                    = {Inference and Modeling with Log-concave Distributions},
  Author                   = {Walther, Guenther},
  Journal                  = {Statistical Science},
  Year                     = {2009},
  Number                   = {3},
  Pages                    = {319--327},
  Volume                   = {24},

  Added-at                 = {2011-10-18T17:37:20.000+0200},
  Url                      = {http://projecteuclid.org/DPubS?service=UI&version=1.0&verb=Display&handle=euclid.ss/1270041258}
}

@Misc{wiki:Imputation,
  Title                    = {Imputation (Statistics)},

  Author                   = {Wikipedia},
  Note                     = {[Online; accessed 18-January-2015]},
  Year                     = {2015},

  Owner                    = {ceacy},
  Timestamp                = {2017.08.05},
  Url                      = {\url{http://en.wikipedia.org/wiki/Imputation_%28statistics%29}}
}

@Book{book:yekhanin:ldc,
  Title                    = {Locally decodable codes},
  Author                   = {Sergey Yekhanin},
  Publisher                = {Now Publishers Inc.},
  Year                     = {2010},

  Owner                    = {ceacy},
  Timestamp                = {2017.08.05},
  Url                      = {http://research.microsoft.com/apps/pubs/default.aspx?id=141304}
}

@Proceedings{conf/soda/2013,
  Title                    = {Proceedings of the Twenty-Fourth Annual ACM-SIAM Symposium
 on Discrete Algorithms, SODA 2013, New Orleans, Louisiana,
 USA, January 6-8, 2013},
  Year                     = {2013},
  Editor                   = {Sanjeev Khanna},
  Publisher                = {SIAM},

  Booktitle                = {SODA},
  Ee                       = {http://dx.doi.org/10.1137/1.9781611973105},
  ISBN                     = {978-1-61197-251-1, 978-1-61197-310-5},
  Owner                    = {ceacy},
  Timestamp                = {2017.08.05}
}
