

%%%%%%%% References and related %%%%%%%%%

@article{Grenander:56,
  author = {Grenander, Ulf},
  title = {On the theory of mortality measurement},
  journal = {Scandinavian Actuarial Journal},
  volume = {1956},
  number = {1},
  pages = {70--96},
  year = {1956}
}


@book{book:outliers,
  title={Identification of outliers},
  author={Hawkins, Douglas M},
  volume={11},
  year={1980},
  publisher={Springer}
}

@book{book:outliers:detect,
  title={How to detect and handle outliers},
  author={Iglewicz, Boris and Hoaglin, David Caster},
  volume={16},
  year={1993},
  publisher={Asq Press}
}

@article{article:outliers,
  title={The study of outliers: purpose and model},
  author={Barnett, Vic},
  journal={Applied Statistics},
  pages={242--250},
  year={1978},
  publisher={JSTOR}
}

%%%%%%%%%%%% Sampling bias examples

@article{Scholarpedia:2008,
  author = {Panzeri, S.  and Magri, C.  and Carraro, L. },
  title   = {{S}ampling bias},
  year	= 2008,
  journal	= {Scholarpedia},
  volume  = 3,
  number  = 9,
  pages   = 4258,
  note   = {{revision \#91742}}
}

@article{Signor:1982,
  title={Sampling bias, gradual extinction patterns and catastrophes in the fossil record},
  author={Signor, Philip W and Lipps, Jere H},
  journal={Geological Society of America Special Papers},
  volume={190},
  pages={291--296},
  year={1982},
  publisher={Geological Society of America}
}

@article{HBTB:14,
  author = {Hefley, Trevor J. and Baasch, David M. and Tyre, Andrew J. and Blankenship, Erin E.},
  title = {Correction of location errors for presence-only species distribution models},
  journal = {Methods in Ecology and Evolution},
  volume = {5},
  number = {3},
  issn = {2041-210X},
  url = {http://dx.doi.org/10.1111/2041-210X.12144},
  doi = {10.1111/2041-210X.12144},
  pages = {207--214},
  keywords = {Grus americana, inhomogeneous Poisson point process, location errors, measurement error, Nebraska, opportunistic sightings, Public Land Survey System, regression calibration, whooping crane},
  year = {2014},
}

@article{Senese:03,
  title={A unified explanation of territorial conflict: Testing the impact of sampling bias, 1919--1992},
  author={Senese, Paul D and Vasquez, John A},
  journal={International Studies Quarterly},
  volume={47},
  number={2},
  pages={275--298},
  year={2003},
  publisher={Wiley Online Library}
}

%% Imputation and missing speech data

@book{Rubin:87,
  title={Multiple imputation for nonresponse in surveys},
  author={Rubin, Donald B.},
  year={1987},
  publisher={John Wiley \& Sons}
}

@misc{wiki:Imputation,
   author = "Wikipedia",
   title = "Imputation (Statistics)",
   year = "2015",
   url = "\url{http://en.wikipedia.org/wiki/Imputation_%28statistics%29}",
   note = "[Online; accessed 18-January-2015]"
 }
 
 @book{book:incomplete:data,
  title={Analysis of incomplete multivariate data},
  author={Schafer, Joseph L.},
  year={1997},
  publisher={CRC press}
}
 
@book{book:imputation,
  title={Statistical Analysis with Missing Data},
  author = {Little, Roderick J. A. and Rubin, Donald B.},
  isbn={9780471183860},
  lccn={2002027006},
  series={Wiley Series in Probability and Statistics},
  year={2002},
  publisher = {John Wiley \& Sons, Inc.},
  note = {Second edition}
}


@article{SMP:07,
 author = {Saar-Tsechansky, Maytal and Provost, Foster},
 title = {Handling Missing Values when Applying Classification Models},
 journal = {J. Mach. Learn. Res.},
 issue_date = {12/1/2007},
 volume = {8},
 month = dec,
 year = {2007},
 issn = {1532-4435},
 pages = {1623--1657},
 numpages = {35},
 url = {http://dl.acm.org/citation.cfm?id=1314498.1314553},
 acmid = {1314553},
 publisher = {JMLR.org},
}


%%%%%%%%%%%%%%%%%%%%%%%%%%%%%%%%%%%%%%%%%%

@inproceedings{CGM:11,
  author    = {Chakraborty, Sourav and
               Garc{\'{\i}}a{-}Soriano, David and
               Matsliah, Arie},
  editor    = {Luca Aceto and
               Monika Henzinger and
               Jiri Sgall},
  title     = {Efficient Sample Extractors for Juntas with Applications},
  booktitle = {Automata, Languages and Programming - 38th International Colloquium,
               {ICALP} 2011, Zurich, Switzerland, July 4-8, 2011, Proceedings, Part
               {I}},
  series    = {Lecture Notes in Computer Science},
  volume    = {6755},
  pages     = {545--556},
  publisher = {Springer},
  year      = {2011}
}

@article{RT:00,
    author = {Jaikumar Radhakrishnan and Amnon Ta-Shma},
    title = {Bounds For Dispersers, Extractors, And Depth-Two Superconcentrators },
    journal = {SIAM Journal on Discrete Mathematics},
    year = {2000},
    volume = {13},
    pages = {2000}
}

@article{Birge:87,
     title = {On the Risk of Histograms for Estimating Decreasing Densities},
     author = {Birg\'e, Lucien},
     journal = {The Annals of Statistics},
     jstor_issuetitle = {},
     volume = {15},
     number = {3},
     pages = {pp. 1013-1022},
     url = {http://www.jstor.org/stable/2241812},
     ISSN = {00905364},
     year = {1987},
     publisher = {Institute of Mathematical Statistics},
     copyright = {Copyright Â© 1987 Institute of Mathematical Statistics},
    }
    
@article{BDKR:05,
  author =       {Batu, Tu\u{g}kan and Dasgupta, Sanjoy and Kumar, Ravi and Rubinfeld, Ronitt},
  journal =      sicomp,
  number =       {1},
  pages =        {132--150},
  publisher = {Society for Industrial and Applied Mathematics (SIAM)},
  title =        {The complexity of approximating the entropy},
  volume =       {35},
  year =         {2005},
}

@inproceedings{ILR:12,
 author = {Indyk, Piotr and Levi, Reut and Rubinfeld, Ronitt},
 title = {Approximating and Testing K-histogram Distributions in Sub-linear Time},
 booktitle = {Proceedings of the 31st Symposium on Principles of Database Systems},
 series = {PODS '12},
 year = {2012},
 isbn = {978-1-4503-1248-6},
 location = {Scottsdale, Arizona, USA},
 pages = {15--22},
 numpages = {8},
 url = {http://doi.acm.org/10.1145/2213556.2213561},
 doi = {10.1145/2213556.2213561},
 acmid = {2213561},
 publisher = {ACM},
 address = {New York, NY, USA}
}

@inbook{CDSS:13,
  author = {Chan, Siu-On and Diakonikolas, Ilias and Servedio, Rocco A. and Sun, Xiaorui},
  title = {Learning mixtures of structured distributions over discrete domains},
  booktitle = {Proceedings of the Twenty-Fourth Annual ACM-SIAM Symposium on Discrete Algorithms},
  chapter = {100},
  pages = {1380-1394},
  year=2013,
  doi = {10.1137/1.9781611973105.100},
  publisher = {SIAM},
  URL = {http://epubs.siam.org/doi/abs/10.1137/1.9781611973105.100},
  eprint = {http://epubs.siam.org/doi/pdf/10.1137/1.9781611973105.100}
}

@inproceedings{CDSS:14,
 author = {Chan, Siu-On and Diakonikolas, Ilias and Servedio, Rocco A. and Sun, Xiaorui},
 title = {Efficient Density Estimation via Piecewise Polynomial Approximation},
 booktitle = {Proceedings of the 46th Annual ACM Symposium on Theory of Computing},
 series = {STOC '14},
 year = {2014},
 isbn = {978-1-4503-2710-7},
 location = {New York, New York},
 pages = {604--613},
 numpages = {10},
 url = {http://doi.acm.org/10.1145/2591796.2591848},
 doi = {10.1145/2591796.2591848},
 acmid = {2591848},
 publisher = {ACM},
 address = {New York, NY, USA}
} 

@ unpublished{CDSS:14:manuscript,
 author = {Chan, Siu-On and Diakonikolas, Ilias and Servedio, Rocco A. and Sun, Xiaorui},
title = {Near-Optimal Density Estimation in Near-Linear Time Using Variable-Width Histograms},
year = {2014},
note = {Manuscript}
}

@article{ADLS:15,
  author    = {Jayadev Acharya and
               Ilias Diakonikolas and
               Jerry Zheng Li and
               Ludwig Schmidt},
  title     = {Sample-Optimal Density Estimation in Nearly-Linear Time},
  journal   = {CoRR},
  volume    = {abs/1506.00671},
  year      = {2015},
  biburl    = {http://dblp.uni-trier.de/rec/bib/journals/corr/AcharyaDLS15},
  bibsource = {dblp computer science bibliography, http://dblp.org}
}

    
@misc{MathOverflow:13:main,
    title = {Convergence rate of the convolution of almost uniform measures on $\mathbb{Z}_p$},
    author = {Maciej, S},
    howpublished = {MathOverflow},
    year = {2013},
    note = {\url{http://mathoverflow.net/q/148779} (version: 2013-11-13)},
    eprint = {http://mathoverflow.net/q/148779},
    url = {http://mathoverflow.net/q/148779}
}

@misc{MathOverflow:13:counterexample,
    title = {Anticoncentration of the convolution of two characteristic functions},
    author = {Maciej, S},
    howpublished = {MathOverflow},
    year = {2013},
    note = {\url{http://mathoverflow.net/q/148973} (version: 2013-11-16)},
    eprint = {http://mathoverflow.net/q/148973},
    url = {http://mathoverflow.net/q/148973}
}

@inbook{Diaconis:88,
  address = {Hayward, CA},
  author = {Diaconis, Persi},
  booktitle = {Group representations in probability and statistics},
  doi = {10.1214/lnms/1215467411},
  pages = {5--16},
  publisher = {Institute of Mathematical Statistics},
  series = {Lecture Notes--Monograph Series},
  title = {Chapter 2: Basics of Representations and Characters},
  url = {http://dx.doi.org/10.1214/lnms/1215467411},
  volume = {Volume 11},
  year = {1988}
}

@article{CGR:12,
  author    = {Andrea Campagna and
               Alan Guo and
               Ronitt Rubinfeld},
  title     = {Local reconstructors and tolerant testers for connectivity
               and diameter},
  journal   = {CoRR},
  volume    = {abs/1208.2956},
  year      = {2012},
  ee        = {http://arxiv.org/abs/1208.2956},
  bibsource = {DBLP, http://dblp.uni-trier.de}
}

@unpublished{Brakerski:08,
    author = {Zvika Brakerski},
    title = {Local Property Restoring},
    year = {2008},
    note = {Manuscript}
}

@inproceedings{ACCL:04,
  author    = {Ailon, Nir and
               Chazelle, Bernard and
               Comandur, Seshadhri and
               Liu, Ding},
  title     = {Estimating the Distance to a Monotone Function},
  series    = {Lecture Notes in Computer Science},
  volume    = {3122},
  pages     = {229--236},
  publisher = {Springer},
  year      = {2004},
}

% article{DDSVV:11,
%   author    = {Constantinos Daskalakis and
%                Ilias Diakonikolas and
%                Rocco A. Servedio and
%                Gregory Valiant and
%                Paul Valiant},
%   title     = {Testing $k$-Modal Distributions: Optimal Algorithms via
%                Reductions},
%   journal   = {CoRR},
%   volume    = {abs/1112.5659},
%   year      = {2011},
%   ee        = {http://arxiv.org/abs/1112.5659},
%   bibsource = {DBLP, http://dblp.uni-trier.de}
% }

% newer version (SODA'12 paper, improved)
@article{DDS:12,
 author = {Constantinos Daskalakis and
               Ilias Diakonikolas and
               Rocco A. Servedio},
   title = {Learning $k$-Modal Distributions via Testing},
   year = {2014},
   pages = {535--570},
   doi = {10.4086/toc.2014.v010a020},
   publisher = {Theory of Computing},
   journal = {Theory of Computing},
   volume = {10},
   number = {20},
} 

@inproceedings{CDGR:15,
  author = {Canonne, Cl\'ement L. and Diakonikolas, Ilias and Gouleakis, Themis and Rubinfeld, Ronitt},
  title = {{T}esting {S}hape {Restrictions} of {D}iscrete {D}istributions},
  year = 2016,
  booktitle = {{P}roceedings of the 33rd {A}nnual {S}ymposium on {T}heoretical {A}spects of {C}omputer {S}cience (STACS)},
  note = {To appear.}
}

@article{clement:survey:distributions,
  title={A {S}urvey on {D}istribution {T}esting: your Data is {B}ig. {B}ut is it {B}lue?},
  author={Canonne, Cl{\'e}ment L.},
  month = apr,
  journal = eccc,
  year = {2015},
  volume = {22},
  pages = {63},
  ee        = {http://eccc.hpi-web.de/report/2015/063}
}

@inproceedings{BKR:04,
 author = {Batu, Tu\u{g}kan and Kumar, Ravi and Rubinfeld, Ronitt},
 title = {Sublinear algorithms for testing monotone and unimodal distributions},
 booktitle = stoc04,
 year = {2004},
 isbn = {1-58113-852-0},
 location = {Chicago, IL, USA},
 pages = {381--390},
 numpages = {10},
 url = {http://doi.acm.org/10.1145/1007352.1007414},
 doi = {10.1145/1007352.1007414},
 acmid = {1007414},
 publisher = {ACM},
 address = {New York, NY, USA}
}

@inproceedings{DDSVV:13,
 author = {Daskalakis, Constantinos and Diakonikolas, Ilias and Servedio, Rocco A. and Valiant, Gregory and Valiant, Paul},
 title = {Testing $k$-modal Distributions: Optimal Algorithms via Reductions},
 booktitle = soda13,
 year = {2013},
 isbn = {978-1-611972-51-1},
 location = {New Orleans, Louisiana},
 pages = {1833--1852},
 numpages = {20},
 url = {http://dl.acm.org/citation.cfm?id=2627817.2627948},
 acmid = {2627948},
 publisher = {Society for Industrial and Applied Mathematics (SIAM)}
} 

@article{BCLR:08,
  author    = {Michael Ben-Or and
               Don Coppersmith and
               Michael Luby and
               Ronitt Rubinfeld},
  title     = {Non-abelian homomorphism testing, and distributions close
               to their self-convolutions},
  journal   = {Random Struct. Algorithms},
  volume    = {32},
  number    = {1},
  year      = {2008},
  pages     = {49-70},
  ee        = {http://dx.doi.org/10.1002/rsa.20182},
  bibsource = {DBLP, http://dblp.uni-trier.de}
}

@inproceedings{DK:13,
  author    = {Constantinos Daskalakis and
               Gautam Kamath},
  title     = {Faster and Sample Near-Optimal Algorithms for Proper Learning
               Mixtures of {G}aussians},
  booktitle = {Proceedings of The 27th Conference on Learning Theory,
               Barcelona, Spain, June 13-15, 2014},
  series = {COLT '14},
  year      = {2014},
  pages     = {1183--1213}
}


%%%% Generating (exactly) uniform nonsingular matrices over finite field: UB, LB
@techreport{Randall:CSD-91-658,
    Author = {Randall, Dana},
    Title = {Efficient Generation of Random Nonsingular Matrices},
    Institution = {EECS Department, University of California, Berkeley},
    Year = {1991},
    Month = {Nov},
    URL = {http://www.eecs.berkeley.edu/Pubs/TechRpts/1991/6147.html},
    Number = {UCB/CSD-91-658}
}


%%%% Testing uniformity

@techreport{GRexp:00,
  author = {Goldreich, Oded and Ron, Dana},
  title = {On Testing Expansion in Bounded-Degree Graphs},
  institution = eccc,
  year = {2000},
  number = {TR00-020}
}


@inproceedings{BFRSW00,
  author = {Batu, Tu\u{g}kan and Fortnow, Lance and Rubinfeld, Ronitt
               and Smith, Warren D.  and White, Patrick},
  title = {Testing that distributions are close},
  booktitle = focs00,
  year = {2000},
  pages = {189--197}
}

@article{BFRSW:10,
  author = {Batu, Tu\u{g}kan and Fortnow, Lance and Rubinfeld, Ronitt
                 and Smith, Warren D.  and White, Patrick},
  title = {Testing Closeness of Discrete Distributions},
  year = {2010},
  journal = arxiv,
  volume = {abs/1009.5397},
  note = {This is a long version of~\cite{BFRSW00}.}
}

@article{Paninski:08,
  author    = {Paninski, Liam},
  title     = {A Coincidence-Based Test for Uniformity Given Very Sparsely
               Sampled Discrete Data},
  journal   = ieeeit,
  volume    = {54},
  number    = {10},
  year      = {2008},
  pages     = {4750-4755},
  ee        = {http://dx.doi.org/10.1109/TIT.2008.928987}
}

%% Valiant--Valiant UB, LB and overall paper on symmetric properties
@article{ValiantValiant:10lb,
  author    = {Valiant, Gregory and Valiant, Paul},
  title     = {A {CLT} and tight lower bounds for estimating entropy},
  journal   = eccc,
  volume    = {17},
  year      = {2010},
  pages     = {179},
  ee        = {http://eccc.hpi-web.de/report/2010/179}
}

@article{ValiantValiant:10ub,
  author    = {Valiant, Gregory and Valiant, Paul},
  title     = {Estimating the unseen: A sublinear-sample canonical estimator
               of distributions},
  journal   = eccc,
  volume    = {17},
  year      = {2010},
  pages     = {180},
  ee        = {http://eccc.hpi-web.de/report/2010/180}
}

%inproceedings{ValiantValiant:11,
%  author    = {G.  Valiant and
%               P. Valiant},
%  title     = {{Estimating the unseen: an $n/\log(n)$-sample estimator for
%               entropy and support size, shown optimal via new {CLT}s}},
%  booktitle = stoc11,
%  year      = {2011},
%  pages     = {685-694},
%  note = {See also \cite{ValiantValiant:10lb} and \cite{ValiantValiant:10ub}}
%}

@inproceedings{ValiantValiant:11,
	 author  = {Valiant, Gregory and Valiant, Paul},
	booktitle=focs11, 
	title = {The Power of Linear Estimators}, 
	year = {2011}, 
	month = oct, 
	pages = {403-412}, 
	doi = {10.1109/FOCS.2011.81}, 
	ISSN = {0272-5428},
	note = {See also \cite{ValiantValiant:10lb} and \cite{ValiantValiant:10ub}}
}


%%%% DKW Inequality
@article{DKW:56,
  author = {Dvoretzky, Aryeh and Kiefer, Jack and Wolfowitz, Jacob},
  doi = {10.1214/aoms/1177728174},
  journal = annmathstat,
  month = {09},
  number = {3},
  pages = {642--669},
  publisher = {The Institute of Mathematical Statistics},
  title = {Asymptotic Minimax Character of the Sample Distribution Function and of the Classical Multinomial Estimator},
  url = {http://dx.doi.org/10.1214/aoms/1177728174},
  volume = {27},
  year = {1956}
}
@article{Massart:90,
  author = {Massart, Pascal},
  doi = {10.1214/aop/1176990746},
  journal = annproba,
  month = {07},
  number = {3},
  pages = {1269--1283},
  publisher = {The Institute of Mathematical Statistics},
  title = {The Tight Constant in the {D}voretzky--{K}iefer--{W}olfowitz Inequality},
  url = {http://dx.doi.org/10.1214/aop/1176990746},
  volume = {18},
  year = {1990}
}

%% Local Filters
@article{ACCL:08,
  year={2008},
  issn={0178-4617},
  journal={Algorithmica},
  volume={51},
  number={2},
  doi={10.1007/s00453-007-9075-9},
  title={Property-Preserving Data Reconstruction},
  url={http://dx.doi.org/10.1007/s00453-007-9075-9},
  publisher={Springer-Verlag},
  author={Ailon, Nir and Chazelle, Bernard and Comandur, Seshadhri and Liu, Ding},
  pages={160-182},
}
@article{BGJRW:12,
  author = {Bhattacharyya, Arnab and Grigorescu, Elena and Jha, Madhav and Jung, Kyomin and Raskhodnikova, Sofya and Woodruff, David P.},
  title = {Lower Bounds for Local Monotonicity Reconstruction from Transitive-Closure Spanners},
  journal = {SIAM Journal on Discrete Mathematics},
  volume = {26},
  number = {2},
  pages = {618-646},
  year = {2012},
  doi = {10.1137/100808186},
  url = {http://dx.doi.org/10.1137/100808186},
  eprint = {http://dx.doi.org/10.1137/100808186}
}
@article{SS:10,
author = {Saks, Michael and Seshadhri, Comandur},
title = {Local Monotonicity Reconstruction},
journal = {SIAM Journal on Computing},
volume = {39},
number = {7},
pages = {2897-2926},
year = {2010},
doi = {10.1137/080728561},
url = {http://dx.doi.org/10.1137/080728561},
eprint = {http://dx.doi.org/10.1137/080728561}
}
@inproceedings{JR:11, 
  author={Jha, Madhav and Raskhodnikova, Sofya}, 
  booktitle=focs11, 
  title={Testing and Reconstruction of {L}ipschitz Functions with Applications to Data Privacy}, 
  year={2011}, 
  month={Oct}, 
  pages={433-442}, 
  doi={10.1109/FOCS.2011.13}, 
  ISSN={0272-5428}
}

% Self-correcting

@inproceedings{BLR:90,
   author = {Blum, Manuel and Luby, Michael and Rubinfeld, Ronitt},
   title = {Self-testing/Correcting with Applications to Numerical Problems},
   booktitle = {Proceedings of the Twenty-second Annual ACM Symposium on Theory of Computing},
   series = {STOC '90},
   year = {1990},
   isbn = {0-89791-361-2},
   location = {Baltimore, Maryland, USA},
   pages = {73--83},
   numpages = {11},
   url = {http://doi.acm.org/10.1145/100216.100225},
   doi = {10.1145/100216.100225},
   acmid = {100225},
   publisher = {ACM},
   address = {New York, NY, USA},
} 

@Book {book:yekhanin:ldc,
author       = {Sergey Yekhanin},
publisher    = {Now Publishers Inc.},
title        = {Locally decodable codes},
url          = {http://research.microsoft.com/apps/pubs/default.aspx?id=141304},
year         = {2010},
}

% Extractors

@article{SV:86,
 author = {Santha, Miklos and Vazirani, Umesh V},
 title = {Generating Quasi-random Sequences from Semi-random Sources},
 journal = {J. Comput. Syst. Sci.},
 issue_date = {Aug. 1986},
 volume = {33},
 number = {1},
 month = aug,
 year = {1986},
 issn = {0022-0000},
 pages = {75--87},
 numpages = {13},
 url = {http://dx.doi.org/10.1016/0022-0000(86)90044-9},
 doi = {10.1016/0022-0000(86)90044-9},
 acmid = {9115},
 publisher = {Academic Press, Inc.},
 address = {Orlando, FL, USA},
} 

@article{CG:88,
 author = {Chor, Benny and Goldreich, Oded},
 title = {Unbiased Bits from Sources of Weak Randomness and Probabilistic Communication Complexity},
 journal = {SIAM J. Comput.},
 issue_date = {April 1988},
 volume = {17},
 number = {2},
 month = apr,
 year = {1988},
 issn = {0097-5397},
 pages = {230--261},
 numpages = {32},
 url = {http://dx.doi.org/10.1137/0217015},
 doi = {10.1137/0217015},
 acmid = {45478},
 publisher = {Society for Industrial and Applied Mathematics},
 address = {Philadelphia, PA, USA},
} 

@book{book:vadhan,
	url = {http://dx.doi.org/10.1561/0400000010},
	title = {Pseudorandomness},
	doi = {10.1561/0400000010},
	publisher = {Now Publishers Inc.},
	volume = {7},
	pages = {1-336},
	author = {Salil P. Vadhan},
	journal = {Foundations and Trends in Theoretical Computer Science},
	issn = {1551-305X},
	isbn = {1601985940, 9781601985941},
	year = {2012}
}

@incollection{KR:94,
  year={1994},
  isbn={978-3-540-58333-2},
  booktitle={Advances in Cryptology â CRYPTO â94},
  volume={839},
  series={Lecture Notes in Computer Science},
  editor={Desmedt, YvoG.},
  doi={10.1007/3-540-48658-5_36},
  title={A Randomness-Rounds Tradeoff in Private Computation},
  url={http://dx.doi.org/10.1007/3-540-48658-5_36},
  publisher={Springer Berlin Heidelberg},
  author={Kushilevitz, Eyal and RosÃ©n, Adi},
  pages={397-410},
  language={English}
}

@inproceedings{IZ:89,
 author = {Impagliazzo, R. and Zuckerman, D.},
 title = {How to Recycle Random Bits},
 booktitle = {Proceedings of the 30th Annual Symposium on Foundations of Computer Science},
 series = {SFCS '89},
 year = {1989},
 isbn = {0-8186-1982-1},
 pages = {248--253},
 numpages = {6},
 url = {http://dx.doi.org/10.1109/SFCS.1989.63486},
 doi = {10.1109/SFCS.1989.63486},
 acmid = {1398699},
 publisher = {IEEE Computer Society},
 address = {Washington, DC, USA},
 keywords = {random bits, linear congruential generator, shift register generator, probabilistic algorithm, BPP algorithm, pseudorandom generator, linear congruential generators, information-theoretic lower bound},
} 

%%%%%%%%%% Additional queries


@inproceedings{CFGM:13,
  address =      "New York, NY, USA",
  author =       "Sourav Chakraborty and Eldar Fischer and Yonatan
                 Goldhirsh and Arie Matsliah",
  booktitle =    "Proceedings of the 4th conference on Innovations in
                 Theoretical Computer Science",
  pages =        "561--580",
  publisher =    "ACM",
  series =       "ITCS '13",
  title =        "On the power of conditional samples in distribution
                 testing",
  year =         "2013",
  doi =          "10.1145/2422436.2422497",
  ISBN =         "978-1-4503-1859-4",
}


@inproceedings{CRS:14,
  author =       {Canonne, Cl\'ement L. and Ron, Dana and Servedio, Rocco A.},
  booktitle =    soda14,
  title =        {Testing equivalence between distributions using conditional samples},
  year =         {2014},
  isbn = {978-1-611973-38-9},
  location = {Portland, Oregon},
  pages = {1174--1192},
  numpages = {19},
  url = {http://dl.acm.org/citation.cfm?id=2634074.2634161},
  acmid = {2634161},
  publisher = {Society for Industrial and Applied Mathematics (SIAM)}
}

@inproceedings{CR:14,
   author              = {Canonne, Cl\'ement L. and Rubinfeld, Ronitt},
   title               = {Testing Probability Distributions Underlying Aggregated Data.},
   booktitle           = icalp14,
   year                = {2014},
   pages               = {283-295},
   ee                  = {http://dx.doi.org/10.1007/978-3-662-43948-7_24}
}

% Learning structured distributions

@inproceedings{DDS:PBD:12,
   author = {Daskalakis, Constantinos and Diakonikolas, Ilias and Servedio, Rocco A.},
   title = {Learning {P}oisson {B}inomial {D}istributions},
   booktitle = {Proceedings of the Forty-fourth Annual ACM Symposium on Theory of Computing},
   series = {STOC '12},
   year = {2012},
   isbn = {978-1-4503-1245-5},
   location = {New York, New York, USA},
   pages = {709--728},
   numpages = {20},
   url = {http://doi.acm.org/10.1145/2213977.2214042},
   doi = {10.1145/2213977.2214042},
   acmid = {2214042},
   publisher = {ACM},
   address = {New York, NY, USA}
} 

@inproceedings{DDOST:13,
 author = {Daskalakis, Constantinos and Diakonikolas, Ilias and O'Donnell, Ryan and Servedio, Rocco A. and Tan, Li-Yang},
 title = {Learning Sums of Independent Integer Random Variables},
 booktitle = {Proceedings of the 2013 IEEE 54th Annual Symposium on Foundations of Computer Science},
 series = {FOCS '13},
 year = {2013},
 isbn = {978-0-7695-5135-7},
 pages = {217--226},
 numpages = {10},
 url = {http://dx.doi.org/10.1109/FOCS.2013.31},
 doi = {10.1109/FOCS.2013.31},
 acmid = {2570592},
 publisher = {IEEE Computer Society},
 address = {Washington, DC, USA}
} 

@inproceedings{Kearns:94,
 author = {Kearns, Michael and Mansour, Yishay and Ron, Dana and Rubinfeld, Ronitt and Schapire, Robert E. and Sellie, Linda},
 title = {On the Learnability of Discrete Distributions},
 booktitle = {Proceedings of the Twenty-sixth Annual ACM Symposium on Theory of Computing},
 series = {STOC '94},
 year = {1994},
 isbn = {0-89791-663-8},
 location = {Montreal, Quebec, Canada},
 pages = {273--282},
 numpages = {10},
 url = {http://doi.acm.org/10.1145/195058.195155},
 doi = {10.1145/195058.195155},
 acmid = {195155},
 publisher = {ACM},
 address = {New York, NY, USA},
} 

%%%%%%%%%%%%%%%%%%%%%%%%%%%%%%%%%%%%%%%%%%%%%%%%%%%
@inproceedings{AJOS:14:ISIT, 
  author={Acharya, Jayadev and Jafarpour, Ashkan and Orlitsky, Alon and Suresh, Ananda T.}, 
  booktitle={Information Theory (ISIT), 2014 IEEE International Symposium on}, 
  title={Sorting with adversarial comparators and application to density estimation}, 
  year={2014}, 
  month={June}, 
  pages={1682-1686}, 
  doi={10.1109/ISIT.2014.6875120}
}

@book{DL:01,
  title={Combinatorial Methods in Density Estimation},
  author={Devroye, Luc and Lugosi, G\'abor},
  isbn={9780387951171},
  lccn={00058306},
  series={Springer Series in Statistics},
  url={http://books.google.com/books?id=jvT-sUt1HZYC},
  year={2001},
  publisher={Springer New York}
}

@inproceedings{CDSS:14:NIPS,
  author    = {Chan, Siu{-}on and
               Diakonikolas, Ilias and
               Servedio, Rocco A. and
               Sun. Xiaorui},
  title     = {Near-Optimal Density Estimation in Near-Linear Time Using Variable-Width
               Histograms},
  booktitle = {Advances in Neural Information Processing Systems 27: Annual Conference
               on Neural Information Processing Systems 2014, December 8-13 2014,
               Montreal, Quebec, Canada},
  pages     = {1844--1852},
  year      = {2014}
}

@misc{CK:15, 
  author={Kamath, Gautam}, 
  year={2015}, 
  howpublished={Private communication}
}

@misc{Val:15:sketch, 
  author={Valiant, Paul}, 
  year={2015},
  month = may, 
  howpublished={Private communication}
}

@inproceedings{SV:98,
    author = {Sahai, Amit and Vadhan, Salil},
    title = {Manipulating Statistical Difference},
    booktitle = {DIMACS Series in Discrete Mathematics and Theoretical Computer Science},
    year = {1998},
    pages = {251--270},
    publisher = {American Mathematical Society}
}

%%%%%%%%%% Conferences (cross-references) %%%%%%%%%%

@proceedings{conf/soda/2013,
  editor    = {Sanjeev Khanna},
  title     = {Proceedings of the Twenty-Fourth Annual ACM-SIAM Symposium
               on Discrete Algorithms, SODA 2013, New Orleans, Louisiana,
               USA, January 6-8, 2013},
  booktitle = {SODA},
  publisher = {SIAM},
  year      = {2013},
  isbn      = {978-1-61197-251-1, 978-1-61197-310-5},
  ee        = {http://dx.doi.org/10.1137/1.9781611973105}
}


%%%%%%%%%%%%% Imputation   %%%%%%%%%%%%%%
@ARTICLE{DLR77,
    author = {A. P. Dempster and N. M. Laird and D. B. Rubin},
    title = {Maximum likelihood from incomplete data via the EM algorithm},
    journal = {JOURNAL OF THE ROYAL STATISTICAL SOCIETY, SERIES B},
    year = {1977},
    volume = {39},
    number = {1},
    pages = {1--38}
}
